<?xml version="1.0" encoding="UTF-8"?><collection xmlns="http://www.loc.gov/MARC21/slim"><record><leader>00372nam--2200121-i-4500</leader><controlfield tag="001">000004700</controlfield><controlfield tag="002">20161230</controlfield><controlfield tag="005">20161230201026</controlfield><controlfield tag="008">060222s1000------------r-----000-0-eng-d</controlfield><datafield ind1=" " ind2=" " tag="080"><subfield code="a">061.62(047:73):51(047:73):53(047:73)</subfield></datafield><datafield ind1=" " ind2=" " tag="245"><subfield code="a">Department army annual research task summary vol.4: physics (part.ii) and mathematics</subfield></datafield><datafield ind1=" " ind2=" " tag="260"><subfield code="a">/Washington/, Department Army</subfield></datafield><datafield ind1=" " ind2=" " tag="852"><subfield code="a">14373</subfield></datafield></record></collection>